
@article{interopdef,
	author={IEEE},
	journal={IEEE Std 610.12-1990}, 
	title={IEEE Standard Computer Dictionary: A Compilation of IEEE Standard Computer Glossaries}, 
	year={1990},
	city = {New York},
	isbn={1-55937-067-X}
}

@online{hl7,
	author = {{HL7 International}},
	title = {{About HL7}},
	url = {http://www.hl7.org/about/index.cfm?ref=nav},
	institution = {{HL7\textsuperscript{\textregistered}}},
	organization = {{HL7\textsuperscript{\textregistered}}},
	urldate = {2022-06-05},
	year = {2022},
} 	

@online{fhir,
	author = {{HL7 Deutschland}},
	title = {{Warum FHIR?}},
	url = {https://hl7.de/themen/hl7-fhir-mobile-kommunikation-und-mehr/warum-fhir/},
	urldate = {2022-06-05},
	keywords = {FHIR, HL7},
	institution = {{HL7 Deutschland e. V.}},
	organization = {{HL7 Deutschland e. V.}},
	year = {2022},
}

@online{fhircompact,
	author = {{HL7 International}},
	title = {{Change Management and Versioning}},
	url = {http://hl7.org/fhir/versions.html},
	urldate = {2022-06-05},
	keywords = {FHIR, HL7},
	institution = {{HL7\textsuperscript{\textregistered}}},
	organization = {{HL7\textsuperscript{\textregistered}}},
	year = {2022},
	month ={05},
}

@online{fhirformat,
	author = {{HL7 International}},
	title = {{Formats}},
	url = {https://www.hl7.org/fhir/formats.html},
	urldate = {2022-06-06},
	keywords = {FHIR, HL7},
	institution = {{HL7\textsuperscript{\textregistered}}},
	organization = {{HL7\textsuperscript{\textregistered}}},
	year = {2022},
	month ={05},
}

@online{mii,
	author = {{Medizininformatik-Initiative}},
	title = {{Über die Initiative}},
	url = {https://www.medizininformatik-initiative.de/de/ueber-die-initiative},
	institution = {{Medizininformatik-Initiative}},
	organization = {{Bundesministerium für Bildung und Forschung}},
	urldate = {2022-06-06},
	keywords = {MII, Medizin Informatik, Medizininformatik-Initiative},
	year = {2022},
}


@online{icukdz,
	author = {{Alexander Zautke, Berke Dincel, Christoph Müller, Felix Erdfelder, Lily Wissing, Larissa Neumann, Ludwig C. Hinske}},
    title = {{Medizininformatik-Initiative - Modul ICU}},
    url = {https://simplifier.net/medizininformatikinitiative-modul-intensivmedizin},
    institution = {{Medizininformatik-Initiative}},
    urldate = {2022-06-02},
    year = {2022},
}


@online{devicemetric,
	author = {FHIR HL7},
	title = {{DeviceMetric}},
	url = {https://simplifier.net/packages/hl7.fhir.r4.core/4.0.1/files/82244/~details},
	urldate = {2022-08-12},
	year = {2022},
}

@online{procedure,
	author = {FHIR HL7},
	title = {{Procedure}},
	url = {https://simplifier.net/packages/hl7.fhir.r4.core/4.0.1/files/79221/~details},
	urldate = {2022-08-12},
	year = {2022},
}

@online{observation,
	author = {FHIR HL7},
	title = {{Observation}},
	url = {https://simplifier.net/packages/hl7.fhir.r4.core/4.0.1/files/83132/~details},
	urldate = {2022-08-12},
	year = {2022},
}

@online{diz,
	author = {{Medizininformatik-Initiative}},
	title = {{Datenintegrationszentren}},
	url = {https://www.medizininformatik-initiative.de/de/konsortien/datenintegrationszentren},
	institution = {{Medizininformatik-Initiative}},
	organization = {{Bundesministerium für Bildung und Forschung}},
	urldate = {2022-06-11},
	keywords = {DIZ, Datenintegrationszentren}
}

@book{telemedizin,
	title = {{Telemedizin}},
	author = {Gernot Marx and Rolf Rossaint and Nikolaus Marx},
	year = {2021},
	publisher = {Springer, Berlin, Heidelberg},
	edition = {4},
	isbn = {978-3-662-60611-7},
	doi = {https://doi.org/10.1007/978-3-662-60611-7},
}

@book{ehealtOk,
	title = {{E-Health-\"Okonomie}},
	author = {Stefan M"uller and Thomas Lux},
	year = {2017},
	publisher = {Springer, Wiesbaden},
	edition = {1},
	isbn = {978-3-658-10788-8},
	doi = {10.1007/978-3-658-10788-8},
}

@book{interop,
	title = {{Principles of Health Interoperability SNOMED CT, HL7 and FHIR}},
	author = {Tim Benson and Grahame Grieve},
	year = {2016},
	publisher = {Springer, London},
	edition = {3},
	isbn = {978-3-319-30370-3},
	doi = {10.1007/978-3-319-30370-3},
}

@online{miikdz,
	author = {{Medizininformatik-Initiative}},
	title = {{Der Kerndatensatz der Medizininformatik-Initiative}},
	url = {https://www.medizininformatik-initiative.de/de/der-kerndatensatz-der-medizininformatik-initiative},
	urldate = {2022-06-15},
	institution = {{Medizininformatik-Initiative}},
	organization = {{Bundesministerium für Bildung und Forschung}},
	year = {2022},
}

@online{modicu,
	author = {{Medizininformatik-Initiative}},
	title = {{Kommentierung: MII-Kerndatensatzmodul Intensivmedizin | PDMS-Daten und hochauflösende Biosignaldaten}},
	url = {https://www.medizininformatik-initiative.de/index.php/de/kommentierung-mii-kerndatensatzmodul-intensivmedizin-pdms-daten-und-hochaufloesende-biosignaldaten},
	urldate = {2022-06-15},
	institution = {{Medizininformatik-Initiative}},
	organization = {{Bundesministerium für Bildung und Forschung}},
	year = {2022},
}


@online{modicuvid,
	author = {{Felix Erdfelder}},
	title = {{Erweiterungsmodul Intensivmedizin der Medizininformatik-Initiative}},
	year = {2022},
	url = {https://confluence.imi.med.fau.de/pages/viewpage.action?pageId=207390115},
	urldate = {2022-06-15},
	note = "[Video MIRACUM-Kolloquium]",
}

@book{grundinfo,
	title = {{Grundkurs Informatik}},
	author = {Hartmut Ernst and Jochen Schmidt and Gerd Beneken},
	year = {2020},
	publisher = {Springer, Wiesbaden},
	edition = {7},
	isbn = {978-3-658-30331-0},
	doi = {https://doi.org/10.1007/978-3-658-30331-0},
}

@online{quality,
	author = {{Quality Services und Wissen GmbH}},
	title = {{XML – Extensible Markup Language}},
	url = {https://www.quality.de/lexikon/xml/},
	urldate = {2022-06-15},
	institution = {{Quality Services \& Wissen GmbH}},
	organization = {{Quality Services \& Wissen GmbH}},
	year = {2022},
}

@online{jsondef,
	author = {{ORACLE}},
	title = {{Was ist JSON?}},
	url = {https://www.oracle.com/de/database/what-is-json/},
    urldate = {2022-06-16},
	institution = {{ORACLE}},
	organization = {{ORACLE}},
	keywords = {JSON},
	year = {2022},
}

@online{fhircodesys,
	author = {{HL7\textsuperscript{\textregistered} FHIR\textsuperscript{\textregistered}}},
	year = {2019},
	title = {{Resource CodeSystem - Content}},
	url = {https://www.hl7.org/fhir/codesystem.html},
	urldate = {2022-06-16},
	institution = {{HL7\textsuperscript{\textregistered} FHIR\textsuperscript{\textregistered}}},
	organization = {{HL7\textsuperscript{\textregistered} FHIR\textsuperscript{\textregistered}}},
	keywords = {Codesystem, Code System}
}

@online{bluecodesy,
	author = {{Centers for Medicare \& Medicaid Services}},
	year = {2021},
	title = {{Codes, Code Systems, and Value Sets}},
	url = {https://www.cms.gov/files/document/blueprint-codes-code-systems-value-sets.pdf},
	urldate = {2022-06-16},
	institution = {{Centers for Medicare \& Medicaid Services}},
	organization = {{Centers for Medicare \& Medicaid Services}},
	keywords = {Codesystem, Code System}
}

@online{snomedofic,
	author = {{SNOMED International}},
	title = {{SNOMED International}},
	url = {https://www.snomed.org/},
	organization = {{SNOMED International}},
	institution = {{SNOMED International}},
	urldate = {2022-06-20},
	year = {2022},
}

@online{snomedguide,
	author = {{SOMED International}},
	title = {{SNOMED CT Start Guide}},
	url = {https://confluence.ihtsdotools.org/display/DOCSTART/SNOMED+CT+Starter+Guide},
	organization = {{SOMED International}},
	institution = {{SOMED International}},
	urldate = {2022-06-20},
	year = {2012},
}

@online{loincbfarm,
	author  = {{Bundesinstitut für Arzneimittel und Medizinprodukte}},
	title = {{LOINC}},
	url = {https://www.bfarm.de/DE/Kodiersysteme/Terminologien/LOINC-UCUM/LOINC-und-RELMA/_node.html},
	organization = {{Bundesministerium für Gesundheit}},
	institution = {{Bundesinstitut für Arzneimittel und Medizinprodukte}},
	urldate = {2022-06-20},
	year = {2022},
}

@online{loincpaper,
	author = {Stram, Michelle and Gigliotti, Tony and Hartman, Douglas and Pitkus, Andrea and Huff, Stanley M. and Riben, Michael and Henricks, Walter H. and Farahani, Navid and Pantanowitz, Liron},
	title = "{{Logical Observation Identifiers Names and Codes for Laboratorians: Potential Solutions and Challenges for Interoperability}}",
	journal = {Archives of Pathology & Laboratory Medicine},
	volume = {144},
	number = {2},
	pages = {229-239},
	year = {2019},
	month = {06},
	issn = {0003-9985},
	doi = {10.5858/arpa.2018-0477-RA},
	url = {https://doi.org/10.5858/arpa.2018-0477-RA},
	eprint = {https://meridian.allenpress.com/aplm/article-pdf/144/2/229/2500745/arpa\_2018-0477-ra.pdf},
}

@online{ieeeglance,
	author = {{IEEE}},
	title = {{IEEE at a Glance}},
    url = {https://www.ieee.org/about/at-a-glance.html},
    organization = {{IEEE}},
    institution = {{IEEE}},
    urldate = {2022-06-21},
    year = {2022}
}

@book{ieeearch,
	author = {Schlichting, Stefan and P{\"o}hlsen, Stephan},
	year = {2014},
	month = {01},
	title = {An Architecture for distributed systems of medical devices in high acuity environments}
}

@inproceedings{ieeeextending,
	title={{Extending the IEEE 11073-1010X nomenclature for the modelling of surgical devices}},
	author={Andersen, Bj{\"o}rn and Kasparick, Martin and Golatowski, Frank and Ingenerf, Josef},
	booktitle={2016 IEEE-EMBS International Conference on Biomedical and Health Informatics (BHI)},
	pages={244--247},
	year={2016},
	organization={IEEE}
}

@online{ieeeiso,
  title = {{ISO/IEEE 11073-10101:2020(en)
  Health informatics — Device interoperability — Part 10101: Point-of-care medical device communication — Nomenclature}},
  author={{IEE}},
  url={https://www.iso.org/obp/ui#iso:std:iso-ieee:11073:-10101:ed-2:v1:en},
  organization = {{IEEE}},
  institution = {{IEEE}},
  urldate = {2022-06-21},
  year = {2019}
}

@online{ieeesa,
	title = {{EEE/ISO/IEC International Standard - Health informatics-Device interoperability-Part 10101: Point-of-care medical device communication-Nomenclature}},
	author={{IEE}},
	url={https://standards.ieee.org/ieee/11073-10101/10343/},
	organization = {{IEEE}},
	institution = {{IEEE}},
	urldate = {2022-06-21},
	year = {2020},
	month = {08}
}

@article{pdmsfinanc,
	title = {Does introduction of a {Patient} {Data} {Management} {System} ({PDMS}) improve the financial situation of an intensive care unit?},
	volume = {13},
	issn = {1472-6947},
	url = {https://doi.org/10.1186/1472-6947-13-107},
	doi = {10.1186/1472-6947-13-107},
	number = {1},
	urldate = {2022-06-24},
	journal = {BMC Medical Informatics and Decision Making},
	author = {Castellanos, Ixchel and Schüttler, Jürgen and Prokosch, Hans-Ulrich and Bürkle, Thomas},
	month = sep,
	year = {2013},
	keywords = {Costs, CPOE, Intensive care unit, PDMS, Return of investment},
	pages = {107},	
}


@article{pdmsimplem,
	title = {Einführung eines Patientendatenmanagementsystems},
	volume = {62},
	issn = {1432-055X},
	url = {https://doi.org/10.1007/s00101-013-2239-x},
	doi = {10.1007/s00101-013-2239-x},
	number = {11},
	urldate = {2022-06-24},
	journal = {Der Anaesthesist},
	author = {Castellanos, I and Ganslandt, T and Prokosch, H U and Schüttler, J and Bürkle, T},
	month = {11},
	year = {2013},
	pmid = {24126951},
	pages = {887--90, 892--7},
}

@article{pdmsicu,
	author = {G. Daniel Martich and Carl S. Waldmann and Michael Imhoff},
	title ={{Clinical Informatics in Critical Care}},
	journal = {Journal of Intensive Care Medicine},
	volume = {19},
	number = {3},
	pages = {154-163},
	year = {2004},
	doi = {10.1177/0885066604264016},
	note ={PMID: 15154996},
	url = {https://doi.org/10.1177/0885066604264016},
	eprint = {https://doi.org/10.1177/0885066604264016}
}

@online{pdmsgermany,
	author = {{Heiko Mania}},
	title = {{PDMS : Marktübersicht}},
	url = {https://gesundheitstechnologie.online/wiki/pdms-marktuebersicht/},
	organization = {{Health.Tech.Blog}},
	institution = {{Health.Tech.Blog}},
	urldate = {2022-06-27},
	year = {2021},
	month = {05}
}

@online{copradosing,
	author = {{Dosing GmbH}},
	title = {{COPRA SYSTEM GMBH}},
	url = {https://www.dosing-gmbh.de/partner/copra-system-gmbh/},
	organization = {{Dosing GmbH}},
	institution = {{Dosing GmbH}},
	urldate = {2022-06-24},
	year = {2022},
}

@book{planungdatawarehouse,
	title={{Strategische Planung mit Data-Warehouse-Systemen}},
	author={Navrade, Frank},
	year={2008},
	publisher={Springer-Verlag},
	doi={https://doi.org/10.1007/978-3-8349-9762-3},
	isbn={978-3-8349-9762-3}
}

@book{dworiginal,
	title={{Building the Data Warehouse}},
	author={Inmon, William H},
	year={2005},
	publisher={John wiley \& sons},
	isbn={978-0-7645-9944-6},
}

@book{dwbauer,
	title={{Data-warehouse-Systeme: Architektur, Entwicklung, Anwendung}},
	author={Andreas Bauer and Holger G\"unzel},
	isbn={9783898642514},
	year={2004},
	publisher={dpunkt-Verlag}
}

@book{dwgoeken,
	title={{Entwicklung von Data-Warehouse-Systemen: Anforderungsmanagement, Modellierung, Implementierung}},
	author={Matthias Goeken},
	edition={1},
	isbn={978-3-8350-0325-5},
	year={2006},
	publisher={Deutscher Universitäts-Verlag}
}

@book{dwtool,
	title={{The Data Warehouse Toolkit: The Definitive Guide to Dimensional Modeling}},
	author={Ralph Kimball and Margy Ross},
	isbn={978-1-118-73219-9},
	year={2013},
	edition={3},
	publisher={Wiley}
}


@online{copra,
	author = {{COPRA System GmbH}},
	title = {{Copra}},
	url = {https://copra-system.de/produkt/},
	organization = {{COPRA System GmbH}},
	institution = {{COPRA System GmbH}},
	urldate = {2022-06-27},
	year = {2022},
}

@book{datamappingqs,
	title={{Data Mapping for Data Warehouse Design}},
	author={Shahbaz, Qamar},
	isbn={9780128053355},
	series={Computer Science Reviews and Trends},
	url={https://books.google.de/books?id=pRChCgAAQBAJ},
	year={2015},
	publisher={Elsevier Science}
}

@online{datawarehouse,
	title={{Data Warehousing Guide}},
	author={Padmaja Potineni},
	url={https://docs.oracle.com/en/database/oracle/oracle-database/21/dwhsg/index.html},
	year={2021},
	organization = {{ORACLE}},
	institution = {{ORACLE}},
	urldate = {2022-06-30},
}

@online{datamodel,
	title={{Data Modelling: Conceptual, Logical, Physical Data Model Types}},
	url={https://www.guru99.com/data-modelling-conceptual-logical.html},
	author={David Tylor},
	year={2022},
	month={02},
	organization={Guru99},
	institution={Guru99},
	urldate = {2022-06-30},
}

@online{smeitlexicon,
	title={{SME – Subject Matter Expert}},
	url={https://nms.de/it-lexikon/artikel/sme-subject-matter-expert.html},
	author={New Media Service},
	year={2022},
	organization={New Media Service},
	institution={New Media Service},
	urldate = {2022-07-05},
}

@online{datamappingastera,
	title={{Verstehen von Tools, Prozessen und Techniken zur Datenzuordnung}},
	url={https://www.astera.com/de/type/blog/understanding-data-mapping-and-its-techniques/},
	author={Nida Fatima},
	year={2018},
	month={12},
	organization={Astera Software},
	institution={Astera Software},
	urldate = {2022-07-05},
}

@online{datamappingtalend,
	title={{Was ist Daten-Mapping?}},
	url={https://www.talend.com/de/resources/data-mapping/},
	author={Talend},
	year={2022},
	organization={Talend},
	institution={Talend},
	urldate = {2022-07-05},
}

@book{patternmatchingapostolico,
	title={{Pattern Matching Algorithms}},
	author={Apostolico, Alberto and Galil, Zvil},
	isbn={9780195354348},
	url={https://books.google.de/books?id=mFd\_grFyiT4C},
	year={1997},
	publisher={Oxford University Press},
	urldate = {2022-07-10},
}

@article{patternmatchingeffi,
	author = {Aho, Alfred V. and Corasick, Margaret J.},
	title = {Efficient String Matching: An Aid to Bibliographic Search},
	year = {1975},
	issue_date = {June 1975},
	publisher = {Association for Computing Machinery},
	address = {New York, NY, USA},
	volume = {18},
	number = {6},
	issn = {0001-0782},
	url = {https://doi.org/10.1145/360825.360855},
	doi = {10.1145/360825.360855},
	journal = {Commun. ACM},
	month = {6},
	pages = {333–340},
	numpages = {8}
}

@article{patternmatchingapps,
	title={String matching algorithms and their applicability in various applications},
	author={Singla, Nimisha and Garg, Deepak},
	journal={International journal of soft computing and engineering},
	volume={1},
	number={6},
	pages={218--222},
	year={2012}
}

@online{patternmatchingpostgres,
	title={{Pattern Matching}},
	url={https://www.postgresql.org/docs/current/functions-matching.html},
	author={PostgreSQL},
	year={2022},
	organization={PostgreSQL},
	institution={PostgreSQL},
	urldate = {2022-07-12},
}

@book{sqlpost,
	title={{Relationale Datenbanken: Von den theoretischen Grundlagen zu Anwendungen mit PostgreSQL}},
	author={Thomas Studer},
	isbn={978-3-662-46571-4},
	doi={https://doi.org/10.1007/978-3-662-46571-4},
	issn={1614-5216},
	edition={1},
	year={2016},
	publisher={Springer Vieweg Berlin, Heidelberg},
}


@book{dbsql,
	title={{Datenbanken und SQL: Eine praxisorientierte Einführung mit Anwendungen in Oracle, SQL Server und MySQL}},
	author={Edwin Schicker},
	isbn={978-3-658-16129-3},
	doi={https://doi.org/10.1007/978-3-658-16129-3},
	issn={1615-8245},
	edition={5},
	year={2017},
	publisher={Springer Vieweg Wiesbaden},
}

@book{regexhandbook,
	title={{The Oxford Handbook of Computational Linguistics}},
	author={Mitkov, Ruslan},
	isbn={9780199276349},
	lccn={2009029053},
	series={Oxford Handbooks Series},
	url={https://books.google.de/books?id=yl6AnaKtVAkC},
	year={2004},
	publisher={OUP Oxford},
	urldate = {2022-07-12},
}

@online{regexweb1,
	title={{Regex: Einf\"uhrung in regul\"are Ausdr\"ucke, Syntax und deren Verwendung}},
	url={https://www.webmasterpro.de/coding/einfuehrung-in-regular-expressions/},
	author={Kai Spriestersbach},
	year={2021},
	month={12},
	organization={Webmasterpro},
	institution={Webmasterpro},
	urldate = {2022-07-12}
}

@inproceedings{regexconf,
	author = {Yunyao Li and Rajasekar Krishnamurthy and Sriram Raghavan and Shivakumar Vaithyanathan and H.V. Jagadish},
	title = {Regular Expression Learning for Information Extraction},
	booktitle = {Empirical Methods in Natural Language Processing (EMNLP)},
	location = {Honolulu, HI},
	year = {2008}
}

@techreport{copradoc,
  author ={COPRA System GmbH},
  title = {COPRA Datenbank Beschreibung},
  year = {2015},
  month = {10},
  institution = {COPRA System GmbH},  
}

@online{unitsloinc,
	title={{71835-3 Oxygen/Gas total [Pure volume fraction] Inhaled gas}},
	url={https://loinc.org/71835-3/},
	author={LOINC},
	year={2022},
	organization={LOINC},
	institution={LOINC},
	urldate = {2022-09-01}
}


@online{lefventcardindex,
	title={{75919-1 Left ventricular Cardiac index}},
	url={https://loinc.org/75919-1/},
	author={LOINC},
	year={2022},
	organization={LOINC},
	institution={LOINC},
	urldate = {2022-09-01}
}

@online{uribibdiff,
	title={{Understanding Difference Between URL, URI and URN}},
	url={https://geekflare.com/difference-between-url-uri-and-urn/},
	author={Ashlin Jenifa},
	year={2022},
	month={3},
	organization={Geekflare},
	institution={Geekflare},
	urldate = {2022-09-04}
}

@online{uribibdiff2,
	title={{URL, URI, URN: What's the Difference?}},
	url={https://auth0.com/blog/url-uri-urn-differences/},
	author={Andrea Chiarelli},
	year={2022},
	month={4},
	organization={Auth0 Inc.},
	institution={Auth0 Inc.},
	urldate = {2022-09-04}
}


@online{uribibdiff3,
	title={{URL, Living Standard}},
	url={https://url.spec.whatwg.org/},
	author={Web Hypertext Application Technology Working Group (WHATWG)},
	year={2022},
	month={8},
	organization={Web Hypertext Application Technology Working Group (WHATWG)},
	institution={Web Hypertext Application Technology Working Group (WHATWG)},
	urldate = {2022-09-04}
}

@Inbook{teilwort,
	author={Cohors-Fresenborg, Elmar},
	title={Worterzeugende Kalk{\"u}le},
	bookTitle={Mathematik mit Kalk{\"u}len und Maschinen},
	year={1977},
	publisher={Vieweg+Teubner Verlag},
	address={Wiesbaden},
	pages={67--70},
	isbn={978-3-322-85927-3},
	doi={10.1007/978-3-322-85927-3_18},
	url={https://doi.org/10.1007/978-3-322-85927-3_18}
}

@online{ucumweb,
	title={{What is UCUM?}},
	url={https://ucum.org/about},
	author={Unified Code for Units of Measure},
	year={2022},
	institution={Regenstrief Institute},
	urldate = {2022-10-20}
}

@online{ucumwebnih,
	title={{Unified Code for Units of Measure (UCUM)}},
	url={https://ucum.nlm.nih.gov/},
	author={U.S. National Library of Medicine},
	year={2022},
	institution={U.S. National Library of Medicine},
	urldate = {2022-10-20}
}

@online{loincoffi,
	title={{Structure}},
	url={https://loinc.org/kb/faq/structure/},
	author={LOINC},
	year={2021},
	organization={LOINC},
	institution={LOINC},
	urldate = {2022-10-25}
}

@online{loincbas,
	title={{Basics}},
	url={https://loinc.org/kb/faq/basics/},
	author={LOINC},
	year={2021},
	organization={LOINC},
	institution={LOINC},
	urldate = {2022-10-25}
}


@online{copraplaces,
	title={{Referenzen}},
	url={https://copra-system.de/referenzen/},
	author={COPRA},
	year={2022},
	organization={COPRA},
	institution={COPRA},
	urldate = {2022-10-27}
}

@article{stringsearch1,
	title={Similarity Based Information Retrieval Using Levenshtein Distance Algorithm},
	author={Po, Daw Khin},
	journal={Int. J. Adv. Sci. Res. Eng},
	volume={6},
	number={04},
	pages={06--10},
	year={2020}
}

@online{thefuzzlib,
  author={SeatGeek},
  title={thefuzz},
  url={https://github.com/seatgeek/thefuzz},
  year={2022},
  month={05},
  urldate={2022-10-31}
}

@inproceedings{stringsearch2,
	title={{A Comparison of String Distance Metrics for Name-Matching Tasks.}},
	author={Cohen, William W and Ravikumar, Pradeep and Fienberg, Stephen E and others},
	booktitle={IIWeb},
	volume={3},
	pages={73--78},
	year={2003}
}

@online{thefuzzyalgo,
	author={Pat Brans},
	title={fuzzy search},
	url={https://www.techtarget.com/whatis/definition/fuzzy-search},
	year={2022},
	month={08},
	urldate={2022-10-31}
}

@inbook{dwhcliniinv,
	author="Murphy, Shawn",
	editor="LIU, LING
	and {\"O}ZSU, M. TAMER",
	title="Data Warehousing for Clinical Research",
	bookTitle="Encyclopedia of Database Systems",
	year="2009",
	publisher="Springer US",
	address="Boston, MA",
	pages="679--684",
	isbn="978-0-387-39940-9",
	doi="10.1007/978-0-387-39940-9_120",
	url="https://doi.org/10.1007/978-0-387-39940-9_120"
}

